@misc{SOLVEPNP_ITERATIVE,
author = {opencv dev team},
title = {{Camera Calibration and 3D Reconstruction}},
url = {https://docs.opencv.org/2.4/modules/calib3d/doc/camera_calibration_and_3d_reconstruction.html#solvepnp},
urldate = {2018-05-07}
}

@article{lepetit2009epnp,
  title={Epnp: An accurate o (n) solution to the pnp problem},
  author={Lepetit, Vincent and Moreno-Noguer, Francesc and Fua, Pascal},
  journal={International journal of computer vision},
  volume={81},
  number={2},
  pages={155},
  year={2009},
  publisher={Springer}
}

@article{collins2014infinitesimal,
  title={Infinitesimal plane-based pose estimation},
  author={Collins, Toby and Bartoli, Adrien},
  journal={International journal of computer vision},
  volume={109},
  number={3},
  pages={252--286},
  year={2014},
  publisher={Springer}
}

@article{choset2010robotic,
  title={Robotic Motion Planning: Potential Functions},
  author={Choset, Howie},
  journal={Robotics Institute, Carnegie Mellon University},
  year={2010}
}

@misc{RoboTemad2,
author = {RoboTemad2},
title = {{Artificial Potential Field Approach and its Problems}},
url = {https://www.robotshop.com/letsmakerobots/artificial-potential-field-approach-and-its-problems},
urldate = {2014-10-25}
}

@misc{AHeuristic,
author = {Amit Patel},
title = {{A*'s Use of the Heuristic}},
url = {http://theory.stanford.edu/~amitp/GameProgramming/Heuristics.html#heuristics-for-grid-maps},
urldate = {2018-04-11}
}

@misc{wiki_A,
author = {Wikipedia},
title = {{A* search algorithm}},
url = {https://en.wikipedia.org/wiki/A*_search_algorithm},
urldate = {2018-04-28}
}

@misc{wiki_motion_planning,
author = {Wikipedia},
title = {{Motion planning}},
url = {https://en.wikipedia.org/wiki/Motion_planning},
urldate = {2018-03-14}
}

@book{lavalle2006planning,
  title={Planning algorithms},
  author={LaValle, Steven M},
  year={2006},
  publisher={Cambridge university press}
}

@misc{matplotlib,
author = {The Matplotlib development team.},
title = {{matplotlib}},
url = {https://matplotlib.org/examples/color/colormaps_reference.html},
urldate = {2017-10-05}
}

@misc{wiki_ofaatm,
author = {Wikipedia},
title = {{One-factor-at-a-time method}},
url = {https://en.wikipedia.org/wiki/One-factor-at-a-time_method},
urldate = {2017-09-07}
}

@misc{wiki_ea,
author = {Wikipedia},
title = {{Euler angles}},
url = {https://en.wikipedia.org/wiki/Euler_angles},
urldate = {2018-03-14}
}

@misc{wiki_cn,
author = {Wikipedia},
title = {{Condition number}},
url = {https://en.wikipedia.org/wiki/Condition_number},
urldate = {2017-11-28}
}

@misc{wiki_rt,
author = {Wikipedia},
title = {{Rigid transformation}},
url = {https://en.wikipedia.org/wiki/Rigid_transformation},
urldate = {2017-10-18}
}

@misc{wiki_do,
author = {Wikipedia},
title = {{Distortion (optics)}},
url = {https://en.wikipedia.org/wiki/Distortion_(optics)},
urldate = {2018-03-12}
}

@inproceedings{dynamic_markers,
  title={Dynamic Markers: Optimal control point configurations for
homography and pose estimation},
  author={Raul Acuna, Volker Willer},
}

@inproceedings{darmanin2017review,
  title={A review on multi-robot systems categorised by application domain},
  author={Darmanin, Rachael N and Bugeja, Marvin K},
  booktitle={Control and Automation (MED), 2017 25th Mediterranean Conference on},
  pages={701--706},
  year={2017},
  organization={IEEE}
}

@article{wang2014vision,
  title={Vision-based cooperative pose estimation for localization in multi-robot systems equipped with RGB-D cameras},
  author={Wang, Xiaoqin and {\c{S}}ekercio{\u{g}}lu, Y Ahmet and Drummond, Tom},
  journal={Robotics},
  volume={4},
  number={1},
  pages={1--22},
  year={2014},
  publisher={Multidisciplinary Digital Publishing Institute}
}

@misc{wiki_pnp,
author = {Wikipedia},
title = {{Perspective-n-Point}},
url = {https://en.wikipedia.org/wiki/Perspective-n-Point},
urldate = {2017-09-24}
}

@inproceedings{kurazume1994cooperative,
  title={Cooperative positioning with multiple robots},
  author={Kurazume, Ryo and Nagata, Shigemi and Hirose, Shigeo},
  booktitle={Robotics and Automation, 1994. Proceedings., 1994 IEEE International Conference on},
  pages={1250--1257},
  year={1994},
  organization={IEEE}
}

@article{acuna2017moma,
  title={MOMA: Visual Mobile Marker Odometry},
  author={Acuna, Raul and Li, Zaijuan and Willert, Volker},
  journal={arXiv preprint arXiv:1704.02222},
  year={2017}
}

@article{chen2009error,
  title={Error analysis in homography estimation by first order approximation tools: a general technique},
  author={Chen, Pei and Suter, David},
  journal={Journal of Mathematical Imaging and Vision},
  volume={33},
  number={3},
  pages={281--295},
  year={2009},
  publisher={Springer}
}

@inproceedings{abawi2004accuracy,
  title={Accuracy in optical tracking with fiducial markers: an accuracy function for ARToolKit},
  author={Abawi, Daniel F and Bienwald, Joachim and Dorner, Ralf},
  booktitle={Proceedings of the 3rd IEEE/ACM International Symposium on Mixed and Augmented Reality},
  pages={260--261},
  year={2004},
  organization={IEEE Computer Society}
}

@inproceedings{pentenrieder2006analysis,
  title={Analysis of tracking accuracy for single-camera square-marker-based tracking},
  author={Pentenrieder, Katharina and Meier, Peter and Klinker, Gudrun and others},
  booktitle={Proc. Dritter Workshop Virtuelle und Erweiterte Realitt der GIFachgruppe VR/AR, Koblenz, Germany},
  year={2006}
}

@article{hartley2000multiple,
  title={Multiple View Geometry in Computer Vision Second Edition},
  author={Hartley, Richard and Zisserman, Andrew},
  journal={Cambridge University Press},
  pages = {106--108},
  year={2000}
}

@inproceedings{rangarajan2009estimating,
  title={Estimating homographies without normalization},
  author={Rangarajan, Prasanna and Papamichalis, Panos},
  booktitle={Image Processing (ICIP), 2009 16th IEEE International Conference on},
  pages={3517--3520},
  year={2009},
  organization={IEEE}
}

@phdthesis{bauer2007tracking,
  title={Tracking Errors in Augmented Reality},
  author={Bauer, Martin},
  year={2007},
  school={Technische Universit{\"a}t M{\"u}nchen}
}

@misc{vincent_spruyt,
author = {Vincent Spruyt},
title = {{How to draw a covariance error ellipse?}},
url = {http://www.visiondummy.com/2014/04/draw-error-ellipse-representing-covariance-matrix/},
urldate = {2014-04-03}
}